%% This BibTeX bibliography file was created using BibDesk.
%% https://bibdesk.sourceforge.io/

%% Created for Сергей Дедов at 2022-02-12 17:49:04 +0300 


%% Saved with string encoding Unicode (UTF-8) 



@phdthesis{cite-key,
	crossref = {bib1},
	date-added = {2022-02-12 17:45:11 +0300},
	date-modified = {2022-02-12 17:45:11 +0300}}

@inproceedings{confbib1,
	author = {Фамилия, И. О.},
	authorconf = {true},
	booktitle = {Название сборника},
	language = {russian},
	title = {название тезисов конференции},
	year = {2015}}

@conference{confbib2,
	author = {Фамилия, И. О.},
	authorconf = {true},
	booktitle = {Название сборника},
	language = {russian},
	title = {название тезисов конференции},
	year = {2015}}

@article{bib1,
	author = {Фамилия, И. О.},
	authorconf = {true},
	authorother = {true},
	journal = {Журнал},
	language = {russian},
	pages = {100},
	title = {Название статьи},
	volume = {1},
	year = {2012}}

@conference{bib2,
	author = {Фамилия, И. О.},
	authorconf = {true},
	booktitle = {Название сборника},
	language = {russian},
	title = {название тезисов конференции},
	year = {2012}}

@article{scbib1,
	addendum = {(Scopus, WoS)},
	author = {Фамилия, И. О. and Фамилия2, И. О. and Фамилия3, И. О.},
	authorscopus = {true},
	authorwos = {true},
	journal = {Журнал},
	language = {russian},
	number = {1},
	pages = {99--102},
	title = {Название статьи},
	volume = {2},
	year = {2018}}

@article{vakbib1,
	addendum = {(0,28~п.~л.; ВАК, WoS)},
	author = {Фамилия, И. О. and Фамилия2, И. О. and Фамилия3, И. О.},
	authorvak = {true},
	authorwos = {true},
	journal = {Журнал},
	language = {russian},
	number = {5},
	pages = {100--120},
	title = {Название статьи},
	volume = {1},
	year = {2013}}

@article{vakbib2,
	addendum = {(0,33~п.~л.~/ 0,28~п.~л.; ВАК)},
	author = {Фамилия, И. О. and Фамилия2, И. О. and Фамилия3, И. О. and Фамилия4, И. О.},
	authorvak = {true},
	journal = {Журнал},
	language = {russian},
	number = {5},
	pages = {100--120},
	title = {Название статьи},
	volume = {1},
	year = {2014}}

@article{wosbib1,
	addendum = {(0,21~п.~л., WoS)},
	author = {Фамилия, И. О. and Фамилия2, И. О. and Фамилия3, И. О.},
	authorwos = {true},
	date-modified = {2022-02-12 17:48:21 +0300},
	journal = {Журнал},
	language = {russian},
	number = {8},
	pages = {105--120},
	title = {Название статьи},
	volume = {1},
	year = {2011}}
