@Article{Mavlutova2015,
author = {Мавлютова, Алина Равилевна}, 
title = {Внедрение методологии профессионального управления эксплуатацией объектов недвижимости различного функционального назначения}, 
journal = {Российское предпринимательство}, 
number = {16 (19}, 
pages = {3235--3242}, 
year = {2015}, 
abstract = {Данная статья раскрывает смену приоритетов инвесторов и девелоперских компаний с ввода новых объектов недвижимости в сторону более эффективного управления существующими объектами. По результатам исследования установлено, что для повышения экономической эффективности необходимо внедрение методик профессионального управления инфраструктурой не только коммерческих, но и государственных и муниципальных объектов недвижимости. Предложены различные аспекты facility management как инновационной методологии управления инфраструктурой и технической эксплуатации объектов недвижимости. Сформулированные направления будут востребованы собственниками недвижимости, желающими оптимизировать процесс технической эксплуатации своих объектов.}, 
url = {https://cyberleninka.ru/article/n/vnedrenie-metodologii-professionalnogo-upravleniya-ekspluatatsiey-obektov-nedvizhimosti-razlichnogo-funktsionalnogo-naznacheniya}, 
doi = {10.18334/rp.16.19.1977}, 
keywords = {facility management, профессиональное управление недвижимостью, управление инфраструктурой и технической эксплуатацией, энергосбережение},}

@Article{Vasilenko2012,
author = {Василенко, Ж.А. and Пономарева, Е.А.}, 
title = {Анализ и систематизация методов управления объектами коммерческой недвижимости}, 
journal = {Инженерный вестник Дона}, 
volume = {3}, 
year = {2012}, 
url = {https://cyberleninka.ru/article/n/analiz-i-sistematizatsiya-metodov-upravleniya-obektami-kommercheskoy-nedvizhimosti}, }

@Article{Kovaleva2016,
author = {Ковалева, Екатерина Сергеевна and Шлеенко, Алексей Васильевич}, 
title = {Комплексное управление недвижимостью и оптимизация эксплуатации в условиях кризиса}, 
journal = {Инновационная экономика: перспективы развития и совершенствования}, 
number = {7 (17}, 
pages = {135--139}, 
year = {2016}, 
abstract = {В данной статье рассматриваются особенности комплексного управления объектами недвижимости в период кризиса, а так же меры, способствующие экономной эксплуатации объектов недвижимости.}, }

@Article{Ivanov2012,
author = {Иванов, В.В. and Хан, О.К.}, 
title = {Система эффективного управления недвижимостью в условиях присоединения России к ВТО}, 
journal = {Российский внешнеэкономический вестник}, 
number = {4}, 
pages = {94--101}, 
year = {2012}, 
abstract = {В статье изложен комплексный подход к формированию системы эффективного управления недвижимыми активами в условиях присоединения России к ВТО, основанной на методах многокритериального анализа привлекательности целевых территориальных рынков и отраслей, механизме стратегического управления конкурентоспособностью бизнеса в соответствии с международными технологическими требованиями и стандартами качества.}, 
url = {https://cyberleninka.ru/article/n/sistema-effektivnogo-upravleniya-nedvizhimostyu-v-usloviyah-prisoedineniya-rossii-k-vto}, }

@Article{Truhina2017,
author = {Трухина, Н.И. and Калабухов, Г.А. and Полетаев, А.А. and Кистерев, А.Ю}, 
title = {Управление стоимостью недвижимости в системе девелопмента}, 
journal = {Инновационная наука}, 
volume = {4-1}, 
pages = {197--199}, 
year = {2017}, 
abstract = {Статья посвящена вопросам качественного преобразования объектов недвижимости, обеспечивающим возрастание их стоимости. Рассмотрен механизм определения экономической эффективности проведения ремонтных мероприятий, мониторинг технического состояния здания.}, 
keywords = {Девелопмент, возрастание стоимости, эффективность, техническое состояние, мониторинг, реконструкция},}

@Article{Pimenov2010,
author = {Пименов, С. В.}, 
title = {Подходы к выбору компании-аутсорсера при реализации бизнес- процессов предприятия}, 
journal = {Транспортное дело России}, 
volume = {1}, 
pages = {27--28}, 
year = {2010}, 
url = {https://cyberleninka.ru/article/n/podhody-k-vyboru-kompanii-autsorsera-pri-realizatsii-biznes-protsessov-predpriyatiya}, 
abstract = {В статье рассматриваются проблемы использования аутсорсинга в деятельности компаний. Разработан методический подход и алгоритм принятия решения об использовании аутсорсинга в деятельности промышленного предприятия. Разработана методика выбо- ра компании-аутсорсера для осуществления бизнес-процесса НИОКР на предприятии.}, 
keywords = {аутсорсинг, бизнес-процесс управления инновациями, методика принятия решения},}

@Article{Tetuskin2018,
author = {Тётушкин, Владимир Александрович}, 
title = {Анализ влияния экономического кризиса на рынок офисной и торговой недвижимости: столичные аспекты}, 
journal = {Региональная экономика: теория и практика}, 
volume = {16}, 
number = {7}, 
pages = {1355--1375}, 
year = {2018}, 
abstract = {Предмет. В статье анализируется рынок офисной и торговой недвижимости, рассматривается влияние кризиса на рынок офисной и торговой недвижимости в столичных городах. Цели. Объединение разрозненных фрагментов с данными из открытых источников информации в целях установления взаимозависимости между игроками рынка, прогнозирование возможных последствий для бизнеса и населения. Методология. В работе с помощью системного и статистического методов проанализированы аспекты влияния экономического кризиса на рынок недвижимости в Москве и Санкт-Петербурге. Результаты. Представлены аналитические данные, отражающие показатели рынка офисной и торговой недвижимости в РФ, а также выявлены возможные тенденции. Область применения результатов охватывает деятельность банковских и других финансовых предприятий и организаций, девелоперских компаний в условиях экономического кризиса. Выводы. В последние несколько лет в России наблюдалось активное развитие рынка торговой недвижимости, обусловленное значительным дефицитом качественных площадей, а также ростом доходов населения. Но мировой финансовый кризис оказал существенное влияние на развитие рынка торговой недвижимости. По мнению многих экспертов, в России сектор торговой недвижимости в меньшей степени пострадал от кризиса, однако негативные эффекты в экономике повлияют и на торговлю, где ситуация, вероятно, ухудшится.}, }

@Article{Pleskova2014,
author = {Плешкова, Наталья Анатольевна and Першина, Елена Геннадьевна and Подзорова, Галина Анатольевна}, 
title = {Управление эксплуатацией коммерческой недвижимости: диагностика и выбор стратегических направлений развития организации}, 
journal = {Управление экономическими системами: электроннный научный журнал}, 
volume = {4}, 
number = {64}, 
year = {2014}, 
url = {https://cyberleninka.ru/article/n/upravlenie-ekspluatatsiey-kommercheskoy-nedvizhimosti-diagnostika-i-vybor-strategicheskih-napravleniy-razvitiya-organizatsii}, 
abstract = {Разработка стратегии является необходимым условием успешного развития в долгосрочной перспективе. Правильно поставленные цели и учет уровня конкуренции помогают организациям быть конкурентоспособными. В статье проведен анализ стратегических направлений компании, раскрыты методы и цели работы организации на рынке. Изложена авторская позиция на дальнейшее развитие компании и предложены конкретные действия по внедрению новых методов управления организацией.}, }

@Article{Gajvoronskij2011,
author = {Гайворонский, Д. А. and Бабанов, В. Н.}, 
title = {Перспективные направления обеспечения устойчивого функционирования и управления эксплуатацией Московского международного делового центра «Москва-Сити»}, 
journal = {Транспортное дело России}, 
volume = {9}, 
year = {2011}, 
url = {https://cyberleninka.ru/article/n/perspektivnye-napravleniya-obespecheniya-ustoychivogo-funktsionirovaniya-i-upravleniya-ekspluatatsiey-moskovskogo-mezhdunarodnogo}, }

@Article{Kornev2019,
author = {Корнев, Сергей Александрович}, 
title = {Управление коммерческой недвижимостью: состояние и факторы формирования}, 
journal = {E-Scio}, 
volume = {4}, 
number = {31}, 
year = {2019}, 
abstract = {Проанализированы особенности управления коммерческой недвижимостью. Раскрыты основные факторы формирования стоимости услуг коммерческой недвижимостью. Обобщены подходы к установлению стоимости услуг управления недвижимым имуществом.}, 
url = {https://cyberleninka.ru/article/n/upravlenie-kommercheskoy-nedvizhimostyu-sostoyanie-i-faktory-formirovaniya}, 
keywords = {управление коммерческой недвижимостью, стоимость услуг управления, плата за управление недвижимым имуществом},}

@Book{Grabovyj2001,
author = {Грабовый, П. Г. and Кулаков, Ю. Н. and Лукманова, И. Г.}, 
title = {Экономика и управление недвижимостью : Примеры, задачи, упражнения}, 
editor = {Грабовый, П. Г.}, 
publisher = {АСВ and Смолин Плюс}, 
address = {Москва and Смоленск}, 
year = {2001}, }

@Article{Nikolaevic2008,
author = {Чернышев, Леонид Николаевич and Нефедов, Владимир Александрович}, 
title = {Актуальные проблемы подготовки и переподготовки кадров в жилищной и коммунальной сфере}, 
journal = {Вестник Томского государственного университета. Экономика}, 
volume = {2}, 
number = {3}, 
year = {2008}, 
url = {https://cyberleninka.ru/article/n/aktualnye-problemy-podgotovki-i-perepodgotovki-kadrov-v-zhilischnoy-i-kommunalnoy-sfere}, }

@Book{Stoler2020,
author = {Stoler, Mike and Underwood, Miles}, 
title = {How much disruption? Deloitte Global Outsourcing Survey 2020}, 
year = {2020}, 
url = {https://www2.deloitte.com/us/en/pages/operations/articles/global-outsourcing-survey.html}, 
language = {English}, }

@Article{Veresagin2019,
author = {Верещагин, Сергей}, 
title = {Прямые и косвенные расходы: вечная проблема бухгалтера}, 
journal = {klerk.ru}, 
year = {2019}, 
url = {https://www.klerk.ru/buh/articles/490679}, 
keywords = {прямые расходы; учет расходов; косвенные расходы},}

@Article{Masnikov2012,
author = {Мясников, Олег}, 
title = {Распределение расходов строительных организаций на прямые и косвенные}, 
journal = {Налоговый вестник}, 
pages = {77--85}, 
year = {2012}, 
url = {https://dlib.eastview.com/browse/doc/28084896}, }

@Article{Korsunova2013,
author = {Коршунова, Наталья}, 
title = {Актуальность темы исследования и процедура её обоснования}, 
journal = {Актуальность темы исследования и процедура её обоснования
Гуманитарный вектор
Педагогика, психология}, 
volume = {33}, 
year = {2013}, 
url = {https://cyberleninka.ru/article/n/aktualnost-temy-issledovaniya-i-protsedura-eyo-obosnovaniya}, }

@Article{Ingermanson,
author = {Ingermanson, Randy}, 
title = {The Snowflake Method For Designing A Novel}, 
url = {https://www.advancedfictionwriting.com/articles/snowflake-method}, 
language = {English}, }

@Article{Ivankina2007,
author = {Иванкина, Е. В.}, 
title = {Методологические основы и механизм вовлечения земли в экономический оборот}, 
year = {2007}, 
location = {Москва}, 
url = {https://elibrary.ru/item.asp?id=19189333}, }

@Article{Kuskov2009,
author = {Кусков, И. В.}, 
title = {Управление объектами коммерческой недвижимости на основе модели рационального управления активами}, 
pages = {19}, 
year = {2009}, 
location = {Санкт-Петербург}, 
url = {https://elibrary.ru/item.asp?id=15942583}, }

@Article{Ivankina2012,
author = {Иванкина, Е. В.}, 
title = {Коммерческая недвижимость г. Москвы}, 
journal = {Механизация строительства}, 
volume = {5}, 
number = {815}, 
pages = {6--11}, 
year = {2012}, 
url = {https://elibrary.ru/item.asp?id=17686763}, }

@Article{Ivankina2014,
author = {Иванкина, Е. В. and Солин, Д. В.}, 
editor = {Ресин, В.И.}, 
title = {«Зеленое» строительство как инструмент сокращения бюджета строительства объекта жилой недвижимости}, 
journal = {Современные проблемы управления проектами в инвестиционно-строительной сфере и природопользовании}, 
pages = {224--232}, 
year = {2014}, 
location = {Москва}, 
url = {https://elibrary.ru/item.asp?id=37167595}, }

@Article{Ivankina2016,
author = {Иванкина, Е. В. and Боронина, А. Э.}, 
title = {Проблемы налогообложения объектов недвижимости в России: риски и возможности}, 
journal = {Механизация строительства}, 
volume = {77}, 
number = {7}, 
pages = {56--59}, 
year = {2016}, 
abstract = {В статье анализируется история введения платного землепользования и переход на налогооблагаемую базу в виде кадастровой стоимости. Анализируется соотношение противоречивых тенденций в росте цен на недвижимость и динамике реальных доходов населения. Произведено сравнение обеспечения жильем в России и за рубежом, а также сводный анализ систем налогообложения в зарубежных странах. На основе изложенных материалов сделаны выводы и разработаны рекомендации о рисках и возможностях внедрения налогообложения недвижимости в России с 2016 года.}, 
url = {https://elibrary.ru/item.asp?id=26236672}, }

@Article{Novikov2020,
author = {Новиков, Г. В.}, 
title = {Экономика недвижимости в России}, 
journal = {Международный журнал прикладных наук и технологий Integral}, 
number = {2-2}, 
pages = {24}, 
year = {2020}, 
abstract = {В данной статье проведен анализ динамики цен на жилую недвижимость в крупных российских городах, сделаны выводы о текущем положении дел на рынке жилой недвижимости и рассмотрены перспективы развития.}, 
url = {https://elibrary.ru/item.asp?id=42935243}, }

@Article{Muradova2021,
author = {Мурадова, З. Р.}, 
title = {Основные направления совершенствования портфельной стратегии на рынке недвижимости}, 
journal = {CHRONOS}, 
volume = {6}, 
number = {3(53}, 
pages = {74--77}, 
year = {2021}, 
url = {https://elibrary.ru/item.asp?id=44847303}, }

@Article{Zhdanov2020,
author = {Жданов, Д.А.}, 
title = {Выбор работ для передачи на аутсорсинг: инструменты оценки}, 
journal = {Теория и практика управления}, 
volume = {10}, 
number = {1}, 
pages = {6--21}, 
year = {2020}, 
location = {Москва}, 
doi = {10.26794/2404-022x-2020-10-1-6-21}, 
abstract = {Все более активное использование технологии аутсорсинга ставит перед менеджментом предприятий задачу выявления возможных выгод и проблем подобной кооперации. По этой причине целью настоящего исследования стало установление процедуры, позволяющей определить операции, наиболее подходящие для передачи на аутсорсинг. Методологическую базу работы составили положения новой институциональной экономической теории, в качестве методов изучения используются ситуационный анализ, математическое и логическое моделирование выявленных взаимосвязей. В результате проведенного исследования детализирована совокупность критериев, определяющих результативность передачи бизнес-процессов компании внешнему исполнителю, конкретизирован порядок их использования в рамках единой процедуры оценки. Выделенные факторы объединены в четы- ре направления, характеризующие ключевые организационно-экономические аспекты работ по аутсорсингу. Особенностью подхода является рассмотрение не только традиционных параметров, связанных с изучением запросов заказчика и возможностей исполнителя, но и характера взаимоотношения сторон, а также состояния рыночной среды, в которой осуществляются работы. В завершение предложен алгоритм экспресс-оценки ре- зультативности передачи операций стороннему исполнителю, основанный на введенном подходе. Полученные результаты будут полезны менеджерам компаний для определения возможностей развития бизнеса на основе аутсорсинга.}, 
keywords = {аутсорсинг; инсорсинг; стратегия; конкурентоспособность; эффективность; кооперация; доверие},}

@phdthesis{Bacurinskaa2009,
author = {Бачуринская, Ирина Анатольевна}, 
title = {Методология управления развитием регионального рынка недвижимости}, 
school = {Санкт-Петербургский государственный инженерно-экономический университет}, 
address = {Санкт-Петербург}, 
pages = {38}, 
year = {2009}, }

@Article{Novikova2019,
author = {Геннадьевна, Новикова Татьяна and Алексеевна, Емельянова Тамара}, 
title = {Анализ инвестиций в недвижимость}, 
journal = {Международный журнал прикладных наук и технологий «Integral»}, 
volume = {2}, 
year = {2019}, 
abstract = {В статье рассматриваются инвестиции в недвижимость, как один из методов получения стабильных доходов. Рассматривается механизм инвестиций в недвижимость в мире и в Российской Федерации.}, 
keywords = {инвестиции в недвижимость, доходность, финансовый риск, партнерство, кредитование, инвестиционный фонд недвижимости},}

@Article{Kurbatov2015,
author = {Курбатов, Владимир Леонидович and Фурсова, Светлана Александровна and Чупрова, Ирина Юрьевна}, 
title = {От инсорсинга до краудсорсинга -- определяемся с понятиями}, 
journal = {Russian Journal of Entrepreneurship}, 
volume = {16}, 
number = {22}, 
pages = {4091}, 
year = {2015}, 
abstract = {<jats:p>В современных условиях позиции компании на рынке постоянно меняются, поэтому на регулярной основе необходимо применять новые принципы управления, в противном случае риск утраты завоеванных позиций будет существенно выше. Внедрение аутсорсинга, косорсинга или использование краудсорсинга может как повысить конкурентные преимущества компании, так и наоборот. В статье рассмотрена сущность, проведен анализ и сравнение наиболее значимых характеристик таких категорий, как инсорсинг, аутсорсинг, косорсинг, краудсорсинг. Результатом исследования является определение условий использования инструментов данных категорий. Информация, представленная в статье, будет интересна исследователям в этой области, менеджменту компаний.</jats:p}, 
url = {http://dx.doi.org/10.18334/rp.16.22.2165}, }

@Article{Gavrilov1988,
author = {Гаврилов, ЭП}, 
title = {Правовые вопросы оценки диссертаций}, 
journal = {Известия высших учебных заведений. Правоведение}, 
number = {1}, 
pages = {16--24}, 
year = {1988}, }

@Book{Ashworth2015,
author = {Ashworth, Allan and Perera, Srinath}, 
title = {Cost studies of buildings}, 
pages = {xix, 549 pages}, 
publisher = {Routledge, Taylor \& Francis Group}, 
address = {London; New York}, 
year = {2015}, 
language = {English}, 
isbn = {9781138017351 (pbk : alk. paper)}, 
keywords = {Building Cost effectiveness.; Construction industry Finance. Great Britain; Building Estimates Great Britain.},}

@Book{Veselkin2011,
author = {Веселкин, ДВ and Хантемиров, РМ and Воробейчик, ЕЛ and Кшнясев, ИА and Братцева, ИВ}, 
title = {Советы молодому ученому}, 
publisher = {Институт экологии растений и животных УрО РАН}, 
year = {2011}, }

@Book{Asaul2008,
author = {Асаул, Анатолий Николаевич and Люлин, Павел Борисович}, 
title = {Управление объектами коммерческой недвижимости}, 
pages = {144}, 
publisher = {СПб: ГАСУ}, 
year = {2008}, 
abstract = {В монографии исследуется сложившаяся ситуация в сфере управления объектами недви- жимости. Разработана система факторов, определяющих инвестиционную привлекательность; сформулирован механизм управления объектами коммерческой недвижимости, развивающий положения инвестиционной оценки; разработан комплексный показатель инвестиционной привлекательности объектов коммерческой недвижимости, развивающий ранее известные подходы к оценке инвестиционной привлекательности; предложен показатель оценки эффек- тивности прироста инвестиционной привлекательности объектов коммерческой недвижимо- сти в рамках разработанного механизма; разработаны рекомендации по внедрению предло- женного механизма для собственников и управляющих объектами коммерческой недвижимо- сти.
Исследования выполнены в соответствии с программой научных исследований научной школы: «Методологические проблемы эффективности региональных инвестиционно- строительных комплексов как самоорганизующихся и саморегулирующихся систем».
Книга предназначена для аспирантов, студентов, а также слушателям системы переподго- товки и повышения квалификации, а также широкому кругу читателей, интересующихся со- временными проблемами инновационного развития страны.}, }

@Article{Asaul2021,
author = {Асаул, А. Н. and Щербина, Г. Ф. and Асаул, М. А.}, 
title = {Автоматизация бизнес-процессов предпринимательской деятельности в сфере недвижимости на основе технологий искусственного интеллекта}, 
journal = {Вестник гражданских инженеров}, 
volume = {5}, 
number = {88}, 
pages = {150--159}, 
year = {2021}, 
doi = {10.23968/1999-5571-2021-18-5-150-159}, }

@Article{Kuzin2014,
author = {Кузин, Н.Я. and Люлькина, Н.М. and Люлькин, В.С.}, 
title = {Основные задачи и функции фасилити менеджмента в процессе технической эксплуатации объектов коммерческой недвижимости}, 
journal = {Современные проблемы науки и образования}, 
volume = {6}, 
pages = {589}, 
year = {2014}, 
url = {https://www.elibrary.ru/item.asp?id=22877780}, 
abstract = {Работа посвящена исследованию основных задач фасилити менеджмента в процессе технической эксплуатации объектов коммерческой недвижимости. Функционирование хозяйственных служб как единого комплекса обуславливает необходимость появления специалистов по управлению всей инженерной и социальной инфраструктурой объекта -- фасилити менеджеров. Основной задачей фасилити менеджмента является поиск путей снижения внутренних затрат по эксплуатации систем здания, с одновременным поддержанием качества услуг на необходимом уровне. Фасилити менеджер занимается проектами развития инфраструктуры с целью организации комфортной работы персонала в здании. Организация контроля учета потребляемых ресурсов, рациональное использование системы отопления, утепление здания, использование энергосберегающих технологий способствует снижению затрат за счёт экономии ресурсов. В случае экономической целесообразности фасилити менеджер заключает договора с организациями, предоставляющими услуги на требуемом уровне по самым низким расценкам, а также обеспечивает организационно-юридическое сопровождение контрактов.}, 
keywords = {коммерческая недвижимость, фасилити менеджмент, энергосберегающие технологии, экономия ресурсов},}

@Article{Demcenko2011,
author = {Демченко, Екатерина Александровна and Кожевников, Константин Игоревич}, 
title = {Особенности управления коммерческой недвижимостью в современных условиях}, 
journal = {Вестник УрФУ. Серия экономика и управление.---2011.---№ 6}, 
volume = {6}, 
pages = {86--93}, 
year = {2011}, }